@inbook{Bench-Capon:1990:KR,
	author = {Bench-Capon, T.J.M.},
	title = {Semantic networks},
	booktitle = {Knowledge Representation, An Approach to Artificial Intelligence},
	chapter = {6.1.},
	pages = {79--86},
	publisher = {Academic Press},
	series = {The Apic Series},
	year = {1990},
	isbn = {0-12-086440-1},
} 
@inproceedings{Gruber:1993:TPDOUKS,
	author = {Gruber, Thomas R.},
	title = {Toward Principles for the Design of Ontologies Used for Knowledge Sharing},
	booktitle = {Formal Ontology in Conceptual Analysis and Knowledge Representation},
	year = {1993},
	publisher = {Kluwer Academic Publishers},
}
@book{Hitzler:2007:SW,
	author = {Hitzler, Pascal and Kr\"{o}tzsch, Markus and Rudolph, Sebastian and Sure, York},
	title = {Semantic Web},
	year = {2007},
	publisher = {Springer},
	isbn = {978-3-540-33993-9},
	doi = {10.1007/978-3-540-33994-6},
}
@article{stock1998publikation,
  title={Was ist eine Publikation? Zum Problem der Einheitenbildung in der Wissenschaftsforschung},
  author={Stock, W.G.},
  journal={Laitko, Hubert (Hrsg.)},
  pages={239--282},
  year={1998}
}
@book{frank2009einfuehrung,
  author = {Havemann, Frank},
  keywords = {bibliometrie citationanalysis},
  title = {Einf\"{u}hrung in die Bibliometrie},
  url = {http://edoc.hu-berlin.de/oa/books/reMKADKkid1Wk/PDF/20uf7RZtM6ZJk.pdf},
  publisher = {Gesellschaft fur Wissenschaftsforschung Berlin},
  year = 2009
}
@inproceedings{DBLP:conf/isiwi/Schlogl00,
  author    = {Christian Schl{\"o}gl},
  title     = {Informationskompetenz am Beispiel einer szientometrischen
               Untersuchung zum Informationsmanagement},
  booktitle = {ISI},
  year      = {2000},
  pages     = {89-112},
  crossref  = {DBLP:conf/isiwi/2000},
  bibsource = {DBLP, http://dblp.uni-trier.de}
}
@inproceedings{DBLP:conf/amcis/KimB08,
  author    = {Hyunjung Kim and
               George A. Barnett},
  title     = {Social Network Analysis Using Author Co-Citation Data},
  booktitle = {AMCIS},
  year      = {2008},
  pages     = {172},
  ee        = {http://aisel.aisnet.org/amcis2008/172},
  crossref  = {DBLP:conf/amcis/2008},
  bibsource = {DBLP, http://dblp.uni-trier.de}
}
@misc{owl2primer,
  author = {Hitzler, Pascal and Kr{\"o}tzsch, Markus and Parsia, Bijan and Patel-Schneider, Peter F. and Rudolph, Sebastian},
  description = {Ontology and GIS},
  howpublished = {World Wide Web Consortium, Working Draft
		 WD-owl2-primer-20090421},
  keywords = {imported},
  month = {April},
  timestamp = {2009-07-17T22:34:37.000+0200},
  title = {{OWL} 2 Web Ontology Language --- Primer},
  topic = {owl[0.9]},
  uri = {http://www.w3.org/TR/2009/WD-owl2-primer-20090421},
  year = 2009
}
@article{Yang:2009:TRSN,
  title = {The Researcher Social Network: A Social Network Based on Metadata of Scientific Publications},
  url = {http://eprints.soton.ac.uk/267156/},
  journal = {Analysis},
  author = {Yang, Yang and Yeung, Au and Man, Ching and Weal, Mark J and Davis, Hugh},
  year = {2009}
}
@book{bibliogrundw2005,
  author = {Ball, Rafael and Tunger, Dirk},
  biburl = {http://www.bibsonomy.org/bibtex/2e684503243cf5149a79a6da0fe3a9e20/kw},
  keywords = {bibliometrie idp tum},
  note = {ISBN 3-89336-383-1},
  publisher = {Forschungszentrum J{\"u}lich},
  title = {Bibliometrische Analysen - Daten, Fakten und Methoden - Grundwissen Bibliometrie f{\"u}r Wissenschaftler, Wissenschaftsmanager, Forschungseinrichtungen und Hochschulen},
  volume = {Schriften des Forschungszentrum J{\"u}lich, Reihe Bibliothek / Library, 12},
  year = {2005}
}
@misc{NAB2004,
  author = {Wu, Marc and Vogt, Christopher},
  title = {Netzwerkanalyse: Bibliometrie},
  uri = {http://tcs.rwth-aachen.de/lehre/Netzwerkanalyse/SS2004/bibliometrie_04-05-27.pdf},
  year = 2004
}
@misc{abbildungXML2002,
  author = {Erbarth, Matthias},
  title = {Abbildung einer Publikation als semantisches Netz unter Verwendung von XML-Technologien},
  type = {Diplomarbeit},
  school = {Fachhochschule Pforzheim},
  year = 2002
}
@techreport{citationstats2008,
  author = {Adler, Robert and Ewing, John and Taylor, Peter},
  title = {Citation Statistics},
  institution = {International Mathematical Union (IMU), International Council of Industrial and 
Applied Mathematics (ICIAM) and Institute of Mathematical Statistics (IMS)},
  year = 2008
}
